@book{lamport94,
    author    = "Leslie Lamport",
    title     = "{\LaTeX: A Document Preparation System}",
    year      = "1994",
    publisher = "Addison-Wesley",
    edition = "2nd",
    address   = "Reading, Massachusetts"
}

@inproceedings{nicepaper1,
  author = "Firstname1 Lastname1 and Firstname2 Lastname2",
  title = "A Very Nice Paper To Cite",
  year = "2014",
  booktitle = "Proceedings of the 47th Annual IEEE/ACM International Symposium on Microarchitecture"
}

@inproceedings{nicepaper2,
  author = "Firstname1 Lastname1 and Firstname2 Lastname2 and Firstname3 Lastname3",
  title = "Another Very Nice Paper to Cite",
  year = "2012",
  booktitle = "Proceedings of the 45th Annual IEEE/ACM International Symposium on Microarchitecture"
}

@inproceedings{nicepaper3,
  author = "Firstname1 Lastname1 and Firstname2 Lastname2 and Firstname3 Lastname3 and Firstname4 Lastname4 and Firstname5 Lastname5",
  title = "Yet Another Very Nice Paper To Cite, With Many Author Names All Spelled Out",
  year = "2011",
  booktitle = "Proceedings of the 38th Annual International Symposium on Computer Architecture"
}

@inproceedings{mnih2012learning,
  title={Learning to label aerial images from noisy data},
  author={Mnih, Volodymyr and Hinton, Geoffrey E},
  booktitle={Proceedings of the 29th International Conference on Machine Learning (ICML-12)},
  pages={567--574},
  year={2012}
}



%%%%%%%%%%%%%%%%benchmark%%%%%%%%%%%%%%%%%%%%%%%%%%%%%%%
@inproceedings{krizhevsky2012imagenet,
  title={Imagenet classification with deep convolutional neural networks},
  author={Krizhevsky, Alex and Sutskever, Ilya and Hinton, Geoffrey E},
  booktitle={Advances in neural information processing systems},
  pages={1097--1105},
  year={2012}
}

@article{russakovsky2015imagenet,
title={Imagenet large scale visual recognition challenge},
author={Russakovsky, Olga and Deng, Jia and Su, Hao and Krause, Jonathan and Satheesh, Sanjeev and Ma, Sean and Huang, Zhiheng and Karpathy, Andrej and Khosla, Aditya and Bernstein, Michael and others},
journal={International Journal of Computer Vision},
volume={115},
number={3},
pages={211--252},
year={2015},
publisher={Springer}
}


@inproceedings{jbig,
  title={Coded Representation of Picture and Audio Information Progressive Bi-level Image Compression},
  booktitle={ISO/IEC International Standard 11544:ITU-T Rec.T.82},
  year={1993}
}

@inproceedings{le2013building,
  title={Building high-level features using large scale unsupervised learning},
  author={Le, Quoc V},
  booktitle={Acoustics, Speech and Signal Processing (ICASSP), 2013 IEEE International Conference on},
  pages={8595--8598},
  year={2013},
  organization={IEEE}
}

@inproceedings{coates2013deep,
  title={Deep learning with COTS HPC systems},
  author={Coates, Adam and Huval, Brody and Wang, Tao and Wu, David and Catanzaro, Bryan and Andrew, Ng},
  booktitle={Proceedings of The 30th International Conference on Machine Learning},
  pages={1337--1345},
  year={2013}
}

@article{simonyan2014very,
  title={Very deep convolutional networks for large-scale image recognition},
  author={Simonyan, Karen and Zisserman, Andrew},
  journal={arXiv preprint arXiv:1409.1556},
  year={2014}
}

@inproceedings{sak2014long,
  title={Long short-term memory recurrent neural network architectures for large scale acoustic modeling.},
  author={Sak, Hasim and Senior, Andrew W and Beaufays, Fran{\c{c}}oise},
  booktitle={Interspeech},
  pages={338--342},
  year={2014}
}

@article{lecun1998gradient,
  title={Gradient-based learning applied to document recognition},
  author={LeCun, Yann and Bottou, L{\'e}on and Bengio, Yoshua and Haffner, Patrick},
  journal={Proceedings of the IEEE},
  volume={86},
  number={11},
  pages={2278--2324},
  year={1998},
  publisher={IEEE}
}

@misc{krizhevsky2012cuda,
  title={cuda-convnet: High-performance c++/cuda implementation of convolutional neural networks},
  author={Krizhevsky, Alex},
  year={2012}
}

%%%%%%%%%%%%%%%%ACC%%%%%%%%%%%%%%%%%%%%%%%%%%%%%%%%%%%%
@inproceedings{chen2014diannao,
author = {Chen, Tianshi and Du, Zidong and Sun, Ninghui and Wang, Jia and Wu, Chengyong and Chen, Yunji and Temam, Olivier},
booktitle = {Proceedings of the 19th international conference on Architectural support for programming languages and operating systems (ASPLOS)},
file = {:home/zidong/work/Mendeley Library/Chen et al.{\_}2014{\_}DianNao a small-footprint high-throughput accelerator for ubiquitous machine-learning(2).pdf:pdf;:home/zidong/work/Mendeley Library/Chen et al.{\_}2014{\_}DianNao a small-footprint high-throughput accelerator for ubiquitous machine-learning.pdf:pdf},
isbn = {9781450323055},
mendeley-groups = {ML{\_}NN},
pages = {269--284},
title = {{DianNao: a small-footprint high-throughput accelerator for ubiquitous machine-learning}},
url = {http://dl.acm.org/citation.cfm?id=2541967},
year = {2014}
}

@inproceedings{chen2014dadiannao,
  title={Dadiannao: A machine-learning supercomputer},
  author={Chen, Yunji and Luo, Tao and Liu, Shaoli and Zhang, Shijin and He, Liqiang and Wang, Jia and Li, Ling and Chen, Tianshi and Xu, Zhiwei and Sun, Ninghui and others},
  booktitle={Proceedings of the 47th Annual IEEE/ACM International Symposium on Microarchitecture},
  pages={609--622},
  year={2014},
  organization={IEEE Computer Society}
}

@inproceedings{du2015shidiannao,
  title={ShiDianNao: Shifting vision processing closer to the sensor},
  author={Du, Zidong and Fasthuber, Robert and Chen, Tianshi and Ienne, Paolo and Li, Ling and Luo, Tao and Feng, Xiaobing and Chen, Yunji and Temam, Olivier},
  booktitle={ACM SIGARCH Computer Architecture News},
  volume={43},
  number={3},
  pages={92--104},
  year={2015},
  organization={ACM}
}



@inproceedings{liu2015pudiannao,
title={Pudiannao: A polyvalent machine learning accelerator},
author={Liu, Daofu and Chen, Tianshi and Liu, Shaoli and Zhou, Jinhong and Zhou, Shengyuan and Teman, Olivier and Feng, Xiaobing and Zhou, Xuehai and Chen, Yunji},
booktitle={ACM SIGARCH Computer Architecture News},
volume={43},
number={1},
pages={369--381},
year={2015},
organization={ACM}
}

@inproceedings{liu2016cambricon,
title={Cambricon: An instruction set architecture for neural networks},
author={Liu, Shaoli and Du, Zidong and Tao, Jinhua and Han, Dong and Luo, Tao and Xie, Yuan and Chen, Yunji and Chen, Tianshi},
booktitle={ACM SIGARCH Computer Architecture News},
volume={44},
number={3},
pages={393--405},
year={2016},
organization={IEEE Press}
}


@inproceedings{zhang2016cambricon,
  title={Cambricon-X: An accelerator for sparse neural networks},
  author={Zhang, Shijin and Du, Zidong and Zhang, Lei and Lan, Huiying and Liu, Shaoli and Li, Ling and Guo, Qi and Chen, Tianshi and Chen, Yunji},
  booktitle={Microarchitecture (MICRO), 2016 49th Annual IEEE/ACM International Symposium on},
  pages={1--12},
  year={2016},
  organization={IEEE}
}

@inproceedings{albericio2016cnvlutin,
  title={Cnvlutin: Ineffectual-neuron-free deep neural network computing},
  author={Albericio, Jorge and Judd, Patrick and Hetherington, Tayler and Aamodt, Tor and Jerger, Natalie Enright and Moshovos, Andreas},
  booktitle={Computer Architecture (ISCA), 2016 ACM/IEEE 43rd Annual International Symposium on},
  pages={1--13},
  year={2016},
  organization={IEEE}
}

@inproceedings{han2016eie,
  title={EIE: efficient inference engine on compressed deep neural network},
  author={Han, Song and Liu, Xingyu and Mao, Huizi and Pu, Jing and Pedram, Ardavan and Horowitz, Mark A and Dally, William J},
  booktitle={Proceedings of the 43rd International Symposium on Computer Architecture},
  pages={243--254},
  year={2016},
  organization={IEEE Press}
}

@inproceedings{han2017ese,
  title={ESE: Efficient Speech Recognition Engine with Sparse LSTM on FPGA},
  author={Han, Song and Kang, Junlong and Mao, Huizi and Hu, Yiming and Li, Xin and Li, Yubin and Xie, Dongliang and Luo, Hong and Yao, Song and Wang, Yu and others},
  booktitle={Proceedings of the 2017 ACM/SIGDA International Symposium on Field-Programmable Gate Arrays},
  pages={75--84},
  year={2017},
  organization={ACM}
}

@article{chen2017eyeriss,
title={Eyeriss: An energy-efficient reconfigurable accelerator for deep convolutional neural networks},
author={Chen, Yu-Hsin and Krishna, Tushar and Emer, Joel S and Sze, Vivienne},
journal={IEEE Journal of Solid-State Circuits},
volume={52},
number={1},
pages={127--138},
year={2017},
publisher={IEEE}
}

@inproceedings{chen2016eyeriss,
title={Eyeriss: A spatial architecture for energy-efficient dataflow for convolutional neural networks},
author={Chen, Yu-Hsin and Emer, Joel and Sze, Vivienne},
booktitle={ACM SIGARCH Computer Architecture News},
volume={44},
number={3},
pages={367--379},
year={2016},
organization={IEEE Press}
}


@inproceedings{jouppi2017tpu,
title={In-datacenter performance analysis of a tensor processing unit},
author={Jouppi, Norman P and Young, Cliff and Patil, Nishant and Patterson, David and Agrawal, Gaurav and Bajwa, Raminder and Bates, Sarah and Bhatia, Suresh and Boden, Nan and Borchers, Al and others},
booktitle={Proceedings of the 44th Annual International Symposium on Computer Architecture},
pages={1--12},
year={2017},
organization={ACM}
}

%%%%%%%%%%%%%%%%%%%%%%%%%%%%%%%%COMPRESS%%%%%%%%%%%%%%%%%%%%%%%%%%%%%%%%%%
@inproceedings{han2015learning,
  title={Learning both weights and connections for efficient neural network},
  author={Han, Song and Pool, Jeff and Tran, John and Dally, William},
  booktitle={Advances in Neural Information Processing Systems},
  pages={1135--1143},
  year={2015}
}

@article{han2015deep,
  title={Deep compression: Compressing deep neural networks with pruning, trained quantization and huffman coding},
  author={Han, Song and Mao, Huizi and Dally, William J},
  journal={arXiv preprint arXiv:1510.00149},
  year={2015}
}

@inproceedings{wang2016cnnpack,
  title={CNNpack: Packing Convolutional Neural Networks in the Frequency Domain},
  author={Wang, Yunhe and Xu, Chang and You, Shan and Tao, Dacheng and Xu, Chao},
  booktitle={Advances In Neural Information Processing Systems},
  pages={253--261},
  year={2016}
}

@inproceedings{venkataramani2014axnn,
  title={AxNN: energy-efficient neuromorphic systems using approximate computing},
  author={Venkataramani, Swagath and Ranjan, Ashish and Roy, Kaushik and Raghunathan, Anand},
  booktitle={Proceedings of the 2014 international symposium on Low power electronics and design},
  pages={27--32},
  year={2014},
  organization={ACM}
}


@inproceedings{courbariaux2015binaryconnect,
title={Binaryconnect: Training deep neural networks with binary weights during propagations},
author={Courbariaux, Matthieu and Bengio, Yoshua and David, Jean-Pierre},
booktitle={Advances in neural information processing systems},
pages={3123--3131},
year={2015}
}

@article{hu2018hashing,
title={From hashing to CNNs: Training BinaryWeight networks via hashing},
author={Hu, Qinghao and Wang, Peisong and Cheng, Jian},
journal={arXiv preprint arXiv:1802.02733},
year={2018}
}

@article{li2016ternary,
title={Ternary Weight Networks.(2016)},
author={Li, F and Liu, B},
journal={arXiv preprint arXiv:1605.04711},
year={2016}
}

@article{zhu2016trained,
title={Trained ternary quantization},
author={Zhu, Chenzhuo and Han, Song and Mao, Huizi and Dally, William J},
journal={arXiv preprint arXiv:1612.01064},
year={2016}
}

@article{zhou2017incremental,
title={Incremental network quantization: Towards lossless cnns with low-precision weights},
author={Zhou, Aojun and Yao, Anbang and Guo, Yiwen and Xu, Lin and Chen, Yurong},
journal={arXiv preprint arXiv:1702.03044},
year={2017}
}


@article{courbariaux2016binarized,
title={Binarized neural networks: Training deep neural networks with weights and activations constrained to+ 1 or-1},
author={Courbariaux, Matthieu and Hubara, Itay and Soudry, Daniel and El-Yaniv, Ran and Bengio, Yoshua},
journal={arXiv preprint arXiv:1602.02830},
year={2016}
}

@inproceedings{rastegari2016xnor,
  title={Xnor-net: Imagenet classification using binary convolutional neural networks},
  author={Rastegari, Mohammad and Ordonez, Vicente and Redmon, Joseph and Farhadi, Ali},
  booktitle={European Conference on Computer Vision},
  pages={525--542},
  year={2016},
  organization={Springer}
}

@inproceedings{hubara2016binarized,
title={Binarized neural networks},
author={Hubara, Itay and Courbariaux, Matthieu and Soudry, Daniel and El-Yaniv, Ran and Bengio, Yoshua},
booktitle={Advances in neural information processing systems},
pages={4107--4115},
year={2016}
}

@article{zhou2016dorefa,
title={Dorefa-net: Training low bitwidth convolutional neural networks with low bitwidth gradients},
author={Zhou, Shuchang and Wu, Yuxin and Ni, Zekun and Zhou, Xinyu and Wen, He and Zou, Yuheng},
journal={arXiv preprint arXiv:1606.06160},
year={2016}
}


@article{cai2017deep,
title={Deep learning with low precision by half-wave gaussian quantization},
author={Cai, Zhaowei and He, Xiaodong and Sun, Jian and Vasconcelos, Nuno},
journal={arXiv preprint arXiv:1702.00953},
year={2017}
}




@book{goodfellow2016deep,
title={Deep learning},
author={Goodfellow, Ian and Bengio, Yoshua and Courville, Aaron and Bengio, Yoshua},
volume={1},
year={2016},
publisher={MIT press Cambridge}
}


@inproceedings{pillai2001real,
  title={Real-time dynamic voltage scaling for low-power embedded operating systems},
  author={Pillai, Padmanabhan and Shin, Kang G},
  booktitle={ACM SIGOPS Operating Systems Review},
  volume={35},
  number={5},
  pages={89--102},
  year={2001},
  organization={ACM}
}

@article{holi1993finite,
  title={Finite precision error analysis of neural network hardware implementations},
  author={Holi, Jordan L and Hwang, J-N},
  journal={IEEE Transactions on Computers},
  volume={42},
  number={3},
  pages={281--290},
  year={1993},
  publisher={IEEE}
}

@article{srivastava2014dropout,
  title={Dropout: a simple way to prevent neural networks from overfitting.},
  author={Srivastava, Nitish and Hinton, Geoffrey E and Krizhevsky, Alex and Sutskever, Ilya and Salakhutdinov, Ruslan},
  journal={Journal of Machine Learning Research},
  volume={15},
  number={1},
  pages={1929--1958},
  year={2014}
}

@book{pratt1989comparing,
  title={Comparing biases for minimal network construction with back-propagation},
  author={Pratt, Lorien Y},
  volume={1},
  year={1989},
  publisher={Morgan Kaufmann Pub}
}

@book{mackay2003information,
  title={Information theory, inference and learning algorithms},
  author={MacKay, David JC},
  year={2003},
  publisher={Cambridge university press}
}

@article{huffman1952method,
  title={A method for the construction of minimum-redundancy codes},
  author={Huffman, David A},
  journal={Proceedings of the IRE},
  volume={40},
  number={9},
  pages={1098--1101},
  year={1952},
  publisher={IEEE}
}

@article{witten1987arithmetic,
  title={Arithmetic coding for data compression},
  author={Witten, Ian H and Neal, Radford M and Cleary, John G},
  journal={Communications of the ACM},
  volume={30},
  number={6},
  pages={520--540},
  year={1987},
  publisher={ACM}
}

@book{henneaux1992quantization,
  title={Quantization of gauge systems},
  author={Henneaux, Marc and Teitelboim, Claudio},
  year={1992},
  publisher={Princeton university press}
}


%%%%%%%%%%%%%%%%%%%%%%%%%%%%%%%%NN%%%%%%%%%%%%%%%%%%%%%%%%%%%%%%%%%%%%%%%%%%%%
@inproceedings{larochelle2007empirical,
  title={An empirical evaluation of deep architectures on problems with many factors of variation},
  author={Larochelle, Hugo and Erhan, Dumitru and Courville, Aaron and Bergstra, James and Bengio, Yoshua},
  booktitle={Proceedings of the 24th international conference on Machine learning},
  pages={473--480},
  year={2007},
  organization={ACM}
}

@inproceedings{salakhutdinov2007learning,
  title={Learning a Nonlinear Embedding by Preserving Class Neighbourhood Structure.},
  author={Salakhutdinov, Ruslan and Hinton, Geoffrey E},
  booktitle={AISTATS},
  volume={11},
  year={2007}
}

@article{hochreiter1997long,
  title={Long short-term memory},
  author={Hochreiter, Sepp and Schmidhuber, J{\"u}rgen},
  journal={Neural computation},
  volume={9},
  number={8},
  pages={1735--1780},
  year={1997},
  publisher={MIT Press}
}

@inproceedings{he2016deep,
  title={Deep residual learning for image recognition},
  author={He, Kaiming and Zhang, Xiangyu and Ren, Shaoqing and Sun, Jian},
  booktitle={Proceedings of the IEEE Conference on Computer Vision and Pattern Recognition},
  pages={770--778},
  year={2016}
}

@article{olshausen1996emergence,
  title={Emergence of simple-cell receptive field properties by learning a sparse code for natural images},
  author={Olshausen, Bruno A and Field, David J},
  journal={Nature},
  volume={381},
  number={6583},
  pages={607},
  year={1996},
  publisher={Nature Publishing Group}
}

@inproceedings{boureau2008sparse,
  title={Sparse feature learning for deep belief networks},
  author={Boureau, Y-lan and Cun, Yann L and others},
  booktitle={Advances in neural information processing systems},
  pages={1185--1192},
  year={2008}
}

@inproceedings{lee2008sparse,
  title={Sparse deep belief net model for visual area V2},
  author={Lee, Honglak and Ekanadham, Chaitanya and Ng, Andrew Y},
  booktitle={Advances in neural information processing systems},
  pages={873--880},
  year={2008}
}

@article{lee2007efficient,
  title={Efficient sparse coding algorithms},
  author={Lee, Honglak and Battle, Alexis and Raina, Rajat and Ng, Andrew Y},
  journal={Advances in neural information processing systems},
  volume={19},
  pages={801},
  year={2007},
  publisher={MIT; 1998}
}

@article{amodei2015deep,
  title={Deep speech 2: End-to-end speech recognition in english and mandarin},
  author={Amodei, Dario and Anubhai, Rishita and Battenberg, Eric and Case, Carl and Casper, Jared and Catanzaro, Bryan and Chen, Jingdong and Chrzanowski, Mike and Coates, Adam and Diamos, Greg and others},
  journal={arXiv preprint arXiv:1512.02595},
  year={2015}
}

@inproceedings{ze2013statistical,
  title={Statistical parametric speech synthesis using deep neural networks},
  author={Ze, Heiga and Senior, Andrew and Schuster, Mike},
  booktitle={Acoustics, Speech and Signal Processing (ICASSP), 2013 IEEE International Conference on},
  pages={7962--7966},
  year={2013},
  organization={IEEE}
}

@article{conneau2016very,
  title={Very deep convolutional networks for natural language processing},
  author={Conneau, Alexis and Schwenk, Holger and Barrault, Lo{\"\i}c and Lecun, Yann},
  journal={arXiv preprint arXiv:1606.01781},
  year={2016}
}

@inproceedings{noh2015learning,
  title={Learning deconvolution network for semantic segmentation},
  author={Noh, Hyeonwoo and Hong, Seunghoon and Han, Bohyung},
  booktitle={Proceedings of the IEEE International Conference on Computer Vision},
  pages={1520--1528},
  year={2015}
}


@article{pearlmutter1989learning,
  title={Learning state space trajectories in recurrent neural networks},
  author={Pearlmutter, Barak A},
  journal={Neural Computation},
  volume={1},
  number={2},
  pages={263--269},
  year={1989},
  publisher={MIT Press}
}

%%%%%%%%%%%%%%%%%%%%%%%%%%%%%%%%%%Experiment%%%%%%%%%%%%%%%%%%%%
@inproceedings{muralimanohar2007optimizing,
  title={Optimizing NUCA organizations and wiring alternatives for large caches with CACTI 6.0},
  author={Muralimanohar, Naveen and Balasubramonian, Rajeev and Jouppi, Norm},
  booktitle={Proceedings of the 40th Annual IEEE/ACM International Symposium on Microarchitecture},
  pages={3--14},
  year={2007},
  organization={IEEE Computer Society}
}

@inproceedings{jia2014caffe,
  title={Caffe: Convolutional architecture for fast feature embedding},
  author={Jia, Yangqing and Shelhamer, Evan and Donahue, Jeff and Karayev, Sergey and Long, Jonathan and Girshick, Ross and Guadarrama, Sergio and Darrell, Trevor},
  booktitle={Proceedings of the 22nd ACM international conference on Multimedia},
  pages={675--678},
  year={2014},
  organization={ACM}
}

@inproceedings{abadi2016tensorflow,
title={Tensorflow: a system for large-scale machine learning.},
author={Abadi, Mart{\'\i}n and Barham, Paul and Chen, Jianmin and Chen, Zhifeng and Davis, Andy and Dean, Jeffrey and Devin, Matthieu and Ghemawat, Sanjay and Irving, Geoffrey and Isard, Michael and others},
booktitle={OSDI},
volume={16},
pages={265--283},
year={2016}
}

@article{chen2015mxnet,
title={Mxnet: A flexible and efficient machine learning library for heterogeneous distributed systems},
author={Chen, Tianqi and Li, Mu and Li, Yutian and Lin, Min and Wang, Naiyan and Wang, Minjie and Xiao, Tianjun and Xu, Bing and Zhang, Chiyuan and Zhang, Zheng},
journal={arXiv preprint arXiv:1512.01274},
year={2015}
}



@article{duff2002overview,
  title={An overview of the sparse basic linear algebra subprograms: The new standard from the BLAS technical forum},
  author={Duff, Iain S and Heroux, Michael A and Pozo, Roldan},
  journal={ACM Transactions on Mathematical Software (TOMS)},
  volume={28},
  number={2},
  pages={239--267},
  year={2002},
  publisher={ACM}
}

@inproceedings{nvidia_cuda,
  title={The nvidia cuda sparse matrix library (cusoarse)},
  author={NVIDIA}
}

%%%%%%%%%%%%%%%%%%%%%%%%%%%%%%%%%%%%%%%Related work%%%%%%%%%%%%%%%%%%%%%%%%%%%%%
@article{gong2014compressing,
  title={Compressing deep convolutional networks using vector quantization},
  author={Gong, Yunchao and Liu, Liu and Yang, Ming and Bourdev, Lubomir},
  journal={arXiv preprint arXiv:1412.6115},
  year={2014}
}

@inproceedings{chen2015compressing,
  title={Compressing Neural Networks with the Hashing Trick.},
  author={Chen, Wenlin and Wilson, James T and Tyree, Stephen and Weinberger, Kilian Q and Chen, Yixin},
  booktitle={ICML},
  pages={2285--2294},
  year={2015}
}

@inproceedings{denton2014exploiting,
  title={Exploiting linear structure within convolutional networks for efficient evaluation},
  author={Denton, Emily L and Zaremba, Wojciech and Bruna, Joan and LeCun, Yann and Fergus, Rob},
  booktitle={Advances in Neural Information Processing Systems},
  pages={1269--1277},
  year={2014}
}

@article{jaderberg2014speeding,
title={Speeding up convolutional neural networks with low rank expansions},
author={Jaderberg, Max and Vedaldi, Andrea and Zisserman, Andrew},
journal={arXiv preprint arXiv:1405.3866},
year={2014}
}

@article{lebedev2014speeding,
title={Speeding-up convolutional neural networks using fine-tuned cp-decomposition},
author={Lebedev, Vadim and Ganin, Yaroslav and Rakhuba, Maksim and Oseledets, Ivan and Lempitsky, Victor},
journal={arXiv preprint arXiv:1412.6553},
year={2014}
}

@inproceedings{he2014reshaping,
  title={Reshaping deep neural network for fast decoding by node-pruning},
  author={He, Tianxing and Fan, Yuchen and Qian, Yanmin and Tan, Tian and Yu, Kai},
  booktitle={Acoustics, Speech and Signal Processing (ICASSP), 2014 IEEE International Conference on},
  pages={245--249},
  year={2014},
  organization={IEEE}
}

@inproceedings{lecun1989optimal,
  title={Optimal brain damage.},
  author={LeCun, Yann and Denker, John S and Solla, Sara A and Howard, Richard E and Jackel, Lawrence D},
  booktitle={NIPs},
  volume={2},
  pages={598--605},
  year={1989}
}

@inproceedings{hassibi1993optimal,
  title={Optimal brain surgeon and general network pruning},
  author={Hassibi, Babak and Stork, David G and Wolff, Gregory J},
  booktitle={Neural Networks, 1993., IEEE International Conference on},
  pages={293--299},
  year={1993},
  organization={IEEE}
}

@inproceedings{farabet2011neuflow,
  title={Neuflow: A runtime reconfigurable dataflow processor for vision},
  author={Farabet, Cl{\'e}ment and Martini, Berin and Corda, Benoit and Akselrod, Polina and Culurciello, Eugenio and LeCun, Yann},
  booktitle={Computer Vision and Pattern Recognition Workshops (CVPRW), 2011 IEEE Computer Society Conference on},
  pages={109--116},
  year={2011},
  organization={IEEE}
}

@inproceedings{chakradhar2010dynamically,
  title={A dynamically configurable coprocessor for convolutional neural networks},
  author={Chakradhar, Srimat and Sankaradas, Murugan and Jakkula, Venkata and Cadambi, Srihari},
  booktitle={ACM SIGARCH Computer Architecture News},
  volume={38},
  number={3},
  pages={247--257},
  year={2010},
  organization={ACM}
}

@article{srinivas2015data,
  title={Data-free parameter pruning for deep neural networks},
  author={Srinivas, Suraj and Babu, R Venkatesh},
  journal={arXiv preprint arXiv:1507.06149},
  year={2015}
}

@article{hu2016network,
  title={Network Trimming: A Data-Driven Neuron Pruning Approach towards Efficient Deep Architectures},
  author={Hu, Hengyuan and Peng, Rui and Tai, Yu-Wing and Tang, Chi-Keung},
  journal={arXiv preprint arXiv:1607.03250},
  year={2016}
}

@article{mariet2015diversity,
  title={Diversity networks},
  author={Mariet, Zelda and Sra, Suvrit},
  journal={arXiv preprint arXiv:1511.05077},
  year={2015}
}

@article{angshuman2017scnn,
  title={SCNN: An Accelerator for Compressed-sparse Convolutional Neural Networks},
  author={Angshuman, Parashar and Minsoo, Rhu and Anurag, Mukkara and Antonio, Puglielli and Rangharajan, Venkatesan and Brucek, Khailany and Joe, Emer and Stephen,Keckler and William, J. Dally},
  journal={In 44th International Symposium on Computer Architecture},
  year={2017}
}

@article{li2016pruning,
  title={Pruning filters for efficient convnets},
  author={Li, Hao and Kadav, Asim and Durdanovic, Igor and Samet, Hanan and Graf, Hans Peter},
  journal={arXiv preprint arXiv:1608.08710},
  year={2016}
}

@inproceedings{wen2016learning,
  title={Learning structured sparsity in deep neural networks},
  author={Wen, Wei and Wu, Chunpeng and Wang, Yandan and Chen, Yiran and Li, Hai},
  booktitle={Advances in Neural Information Processing Systems},
  pages={2074--2082},
  year={2016}
}

@inproceedings{lebedev2016fast,
  title={Fast convnets using group-wise brain damage},
  author={Lebedev, Vadim and Lempitsky, Victor},
  booktitle={Proceedings of the IEEE Conference on Computer Vision and Pattern Recognition},
  pages={2554--2564},
  year={2016}
}

@article{mao2017exploring,
  title={Exploring the Regularity of Sparse Structure in Convolutional Neural Networks},
  author={Mao, Huizi and Han, Song and Pool, Jeff and Li, Wenshuo and Liu, Xingyu and Wang, Yu and Dally, William J},
  journal={arXiv preprint arXiv:1705.08922},
  year={2017}
}

@inproceedings{yu2017scalpel,
  title={Scalpel: Customizing dnn pruning to the underlying hardware parallelism},
  author={Yu, Jiecao and Lukefahr, Andrew and Palframan, David and Dasika, Ganesh and Das, Reetuparna and Mahlke, Scott},
  booktitle={Proceedings of the 44th Annual International Symposium on Computer Architecture},
  pages={548--560},
  year={2017},
  organization={ACM}
}

@inproceedings{hill2017deftnn,
  title={DeftNN: addressing bottlenecks for DNN execution on GPUs via synapse vector elimination and near-compute data fission},
  author={Hill, Parker and Jain, Animesh and Hill, Mason and Zamirai, Babak and Hsu, Chang-Hong and Laurenzano, Michael A and Mahlke, Scott and Tang, Lingjia and Mars, Jason},
  booktitle={Proceedings of the 50th Annual IEEE/ACM International Symposium on Microarchitecture},
  pages={786--799},
  year={2017},
  organization={ACM}
}

// normalization
@article{ioffe2015batch,
title={Batch normalization: Accelerating deep network training by reducing internal covariate shift},
author={Ioffe, Sergey and Szegedy, Christian},
journal={arXiv preprint arXiv:1502.03167},
year={2015}
}

@article{ba2016layer,
title={Layer normalization},
author={Ba, Jimmy Lei and Kiros, Jamie Ryan and Hinton, Geoffrey E},
journal={arXiv preprint arXiv:1607.06450},
year={2016}
}

@article{dmitry2016instance,
title={Instance Normalization: The Missing Ingredient for Fast Stylization},
author={Dmitry, Ulyanov and Andrea, Vedaldi and Victor, Lempitsky},
journal={arXiv preprint arXiv:1607.08022},
year={2016}
}


@article{wu2018group,
title={Group normalization},
author={Wu, Yuxin and He, Kaiming},
journal={arXiv preprint arXiv:1803.08494},
year={2018}
}



@inproceedings{koster2017flexpoint,
title={Flexpoint: An adaptive numerical format for efficient training of deep neural networks},
author={K{\"o}ster, Urs and Webb, Tristan and Wang, Xin and Nassar, Marcel and Bansal, Arjun K and Constable, William and Elibol, Oguz and Gray, Scott and Hall, Stewart and Hornof, Luke and others},
booktitle={Advances in Neural Information Processing Systems},
pages={1742--1752},
year={2017}
}

@article{Srivastava2014,
abstract = {Deep neural nets with a large number of parameters are very powerful machine learning systems. However, overfitting is a serious problem in such networks. Large networks are also slow to use, making it difficult to deal with overfitting by combining the predictions of many different large neural nets at test time. Dropout is a technique for addressing this problem. The key idea is to randomly drop units (along with their connections) from the neural network during training. This prevents units from co-adapting too much. During training, dropout samples from an exponential number of different 鈥渢hinned鈥?networks. At test time, it is easy to approximate the effect of averaging the predictions of all these thinned networks by simply using a single unthinned network that has smaller weights. This significantly reduces overfitting and gives major improvements over other regularization methods. We show that dropout improves the performance of neural networks on supervised learning tasks in vision, speech recognition, document classification and computational biology, obtaining state-of-the-art results on many benchmark data sets},
author = {Srivastava, Nitish and Hinton, Geoffrey E. and Krizhevsky, Alex and Sutskever, Ilya and Salakhutdinov, Ruslan},
file = {:home/zidong/work/Mendeley Library/Srivastava et al.{\_}2014{\_}Dropout A Simple Way to Prevent Neural Networks from Overfitting.pdf:pdf},
isbn = {1532-4435},
issn = {15337928},
journal = {Journal of Machine Learning Research (JMLR)},
keywords = {deep learning,model combination,neural networks,regularization},
mendeley-groups = {NN/ML/Algorithm},
pages = {1929--1958},
title = {{Dropout : A Simple Way to Prevent Neural Networks from Overfitting}},
volume = {15},
year = {2014}
}


@inproceedings{gupta2015deep,
title={Deep learning with limited numerical precision},
author={Gupta, Suyog and Agrawal, Ankur and Gopalakrishnan, Kailash and Narayanan, Pritish},
booktitle={International Conference on Machine Learning},
pages={1737--1746},
year={2015}
}

@article{dettmers20158,
title={8-bit approximations for parallelism in deep learning},
author={Dettmers, Tim},
journal={arXiv preprint arXiv:1511.04561},
year={2015}
}

@inproceedings{wang2017fixed,
title={Fixed-point factorized networks},
author={Wang, Peisong and Cheng, Jian},
booktitle={Computer Vision and Pattern Recognition (CVPR), 2017 IEEE Conference on},
pages={3966--3974},
year={2017},
organization={IEEE}
}


@article{mcculloch1943logical,
title={A logical calculus of the ideas immanent in nervous activity},
author={McCulloch, Warren S and Pitts, Walter},
journal={The bulletin of mathematical biophysics},
volume={5},
number={4},
pages={115--133},
year={1943},
publisher={Springer}
}

@book{hebb1963organizations,
title={The Organizations of Behavior: a Neuropsychological Theory},
author={Hebb, Donald Olding},
year={1963},
publisher={Lawrence Erlbaum}
}

@article{gerstner2002mathematical,
title={Mathematical formulations of Hebbian learning},
author={Gerstner, Wulfram and Kistler, Werner M},
journal={Biological cybernetics},
volume={87},
number={5-6},
pages={404--415},
year={2002},
publisher={Springer}
}

@article{hodgkin1952quantitative,
title={A quantitative description of membrane current and its application to conduction and excitation in nerve},
author={Hodgkin, Alan L and Huxley, Andrew F},
journal={The Journal of physiology},
volume={117},
number={4},
pages={500--544},
year={1952},
publisher={Wiley Online Library}
}

@article{taylor1956electrical,
title={Electrical simulation of some nervous system functional activities},
author={Taylor, Wilfrid K},
journal={Information theory},
volume={3},
pages={314--328},
year={1956},
publisher={Butterworths London}
}

@article{rosenblatt1958perceptron,
title={The perceptron: a probabilistic model for information storage and organization in the brain.},
author={Rosenblatt, Frank},
journal={Psychological review},
volume={65},
number={6},
pages={386},
year={1958},
publisher={American Psychological Association}
}

@techreport{widrow1960adaptive,
title={Adaptive switching circuits},
author={Widrow, Bernard and Hoff, Marcian E},
year={1960},
institution={Stanford Univ Ca Stanford Electronics Labs}
}

@article{fitzhugh1961impulses,
title={Impulses and physiological states in theoretical models of nerve membrane},
author={FitzHugh, Richard},
journal={Biophysical journal},
volume={1},
number={6},
pages={445--466},
year={1961},
publisher={Elsevier}
}

@article{nagumo1962active,
title={An active pulse transmission line simulating nerve axon},
author={Nagumo, Jinichi and Arimoto, Suguru and Yoshizawa, Shuji},
journal={Proceedings of the IRE},
volume={50},
number={10},
pages={2061--2070},
year={1962},
publisher={IEEE}
}

@book{minsky1967computation,
title={Computation: finite and infinite machines},
author={Minsky, Marvin L},
year={1967},
publisher={Prentice-Hall, Inc.}
}

@misc{minsky5paper,
title={Paper, S.(1969). Perceptrons},
author={Minsky, M},
year={5},
publisher={MIT Press, Cambridge}
}

@article{anderson1972simple,
title={A simple neural network generating an interactive memory},
author={Anderson, James A},
journal={Mathematical biosciences},
volume={14},
number={3-4},
pages={197--220},
year={1972},
publisher={Elsevier}
}

@article{kohonen1972correlation,
title={Correlation matrix memories},
author={Kohonen, Teuvo},
journal={IEEE transactions on computers},
volume={100},
number={4},
pages={353--359},
year={1972},
publisher={IEEE}
}

@article{cainiello1961outline,
title={Outline of a theory of thought-processes and thinking machines},
author={Cainiello, ER},
journal={J. Theoretical Biology},
volume={2},
pages={2204--2235},
year={1961}
}

@article{nagumo1972response,
title={On a response characteristic of a mathematical neuron model},
author={Nagumo, J and Sato, S},
journal={Kybernetik},
volume={10},
number={3},
pages={155--164},
year={1972},
publisher={Springer}
}

@article{hopfield1982neural,
title={Neural networks and physical systems with emergent collective computational abilities},
author={Hopfield, John J},
journal={Proceedings of the national academy of sciences},
volume={79},
number={8},
pages={2554--2558},
year={1982},
publisher={National Acad Sciences}
}

@article{zurada1996generalized,
title={Generalized Hopfield networks for associative memories with multi-valued stable states},
author={Zurada, Jacek M and Cloete, Ian and Van der Poel, Etienne},
journal={Neurocomputing},
volume={13},
number={2-4},
pages={135--149},
year={1996},
publisher={Elsevier}
}

@article{hindmarsh1984model,
title={A model of neuronal bursting using three coupled first order differential equations},
author={Hindmarsh, James L and Rose, RM},
journal={Proc. R. Soc. Lond. B},
volume={221},
number={1222},
pages={87--102},
year={1984},
publisher={The Royal Society}
}

@article{ackley1985learning,
title={A learning algorithm for Boltzmann machines},
author={Ackley, David H and Hinton, Geoffrey E and Sejnowski, Terrence J},
journal={Cognitive science},
volume={9},
number={1},
pages={147--169},
year={1985},
publisher={Elsevier}
}

@article{kirkpatrick1983optimization,
title={Optimization by simulated annealing},
author={Kirkpatrick, Scott and Gelatt, C Daniel and Vecchi, Mario P},
journal={science},
volume={220},
number={4598},
pages={671--680},
year={1983},
publisher={American Association for the Advancement of Science}
}

@article{vcerny1985thermodynamical,
title={Thermodynamical approach to the traveling salesman problem: An efficient simulation algorithm},
author={{\v{C}}ern{\`y}, Vladim{\'\i}r},
journal={Journal of optimization theory and applications},
volume={45},
number={1},
pages={41--51},
year={1985},
publisher={Springer}
}

@article{rumelhart1986learning,
title={Learning representations by back-propagating errors},
author={Rumelhart, David E and Hinton, Geoffrey E and Williams, Ronald J},
journal={nature},
volume={323},
number={6088},
pages={533},
year={1986},
publisher={Nature Publishing Group}
}

@article{mackay1992practical,
title={A practical Bayesian framework for backpropagation networks},
author={MacKay, David JC},
journal={Neural computation},
volume={4},
number={3},
pages={448--472},
year={1992},
publisher={MIT Press}
}

@book{bishop1995neural,
title={Neural networks for pattern recognition},
author={Bishop, Chris and Bishop, Christopher M and others},
year={1995},
publisher={Oxford university press}
}

@inproceedings{williams1996gaussian,
title={Gaussian processes for regression},
author={Williams, Christopher KI and Rasmussen, Carl Edward},
booktitle={Advances in neural information processing systems},
pages={514--520},
year={1996}
}

@book{vapnik1998statistical,
title={Statistical learning theory. 1998},
author={Vapnik, Vladimir},
volume={3},
year={1998},
publisher={Wiley, New York}
}

@article{heinke1998comparing,
title={Comparing neural networks: a benchmark on growing neural gas, growing cell structures, and fuzzy ARTMAP},
author={Heinke, Dietmar and Hamker, Fred H},
journal={IEEE transactions on neural networks},
volume={9},
number={6},
pages={1279--1291},
year={1998},
publisher={IEEE}
}

@article{lehtokangas1999modelling,
title={Modelling with constructive backpropagation},
author={Lehtokangas, Mikko},
journal={Neural Networks},
volume={12},
number={4-5},
pages={707--716},
year={1999},
publisher={Elsevier}
}

@article{zhang2012universal,
title={Universal approximation of extreme learning machine with adaptive growth of hidden nodes},
author={Zhang, Rui and Lan, Yuan and Huang, Guang-bin and Xu, Zong-Ben},
journal={IEEE Transactions on Neural Networks and Learning Systems},
volume={23},
number={2},
pages={365--371},
year={2012},
publisher={IEEE}
}

@article{reed1993pruning,
title={Pruning algorithms-a survey},
author={Reed, Russell},
journal={IEEE transactions on Neural Networks},
volume={4},
number={5},
pages={740--747},
year={1993},
publisher={IEEE}
}

@article{miche2010op,
title={OP-ELM: optimally pruned extreme learning machine},
author={Miche, Yoan and Sorjamaa, Antti and Bas, Patrick and Simula, Olli and Jutten, Christian and Lendasse, Amaury},
journal={IEEE transactions on neural networks},
volume={21},
number={1},
pages={158--162},
year={2010},
publisher={IEEE}
}

@inproceedings{ren2015faster,
title={Faster r-cnn: Towards real-time object detection with region proposal networks},
author={Ren, Shaoqing and He, Kaiming and Girshick, Ross and Sun, Jian},
booktitle={Advances in neural information processing systems},
pages={91--99},
year={2015}
}

@article{hinton2012deep,
title={Deep neural networks for acoustic modeling in speech recognition: The shared views of four research groups},
author={Hinton, Geoffrey and Deng, Li and Yu, Dong and Dahl, George E and Mohamed, Abdel-rahman and Jaitly, Navdeep and Senior, Andrew and Vanhoucke, Vincent and Nguyen, Patrick and Sainath, Tara N and others},
journal={IEEE Signal processing magazine},
volume={29},
number={6},
pages={82--97},
year={2012},
publisher={IEEE}
}


@article{chandra2016fast,
title={Fast learning in deep neural networks},
author={Chandra, B and Sharma, Rajesh K},
journal={Neurocomputing},
volume={171},
pages={1205--1215},
year={2016},
publisher={Elsevier}
}

@article{hinton2006fast,
title={A fast learning algorithm for deep belief nets},
author={Hinton, Geoffrey E and Osindero, Simon and Teh, Yee-Whye},
journal={Neural computation},
volume={18},
number={7},
pages={1527--1554},
year={2006},
publisher={MIT Press}
}

@inproceedings{girshick2014rich,
title={Rich feature hierarchies for accurate object detection and semantic segmentation},
author={Girshick, Ross and Donahue, Jeff and Darrell, Trevor and Malik, Jitendra},
booktitle={Proceedings of the IEEE conference on computer vision and pattern recognition},
pages={580--587},
year={2014}
}


@inproceedings{girshick2015fast,
title={Fast r-cnn},
author={Girshick, Ross},
booktitle={Proceedings of the IEEE international conference on computer vision},
pages={1440--1448},
year={2015}
}

@inproceedings{he2014spatial,
title={Spatial pyramid pooling in deep convolutional networks for visual recognition},
author={He, Kaiming and Zhang, Xiangyu and Ren, Shaoqing and Sun, Jian},
booktitle={European conference on computer vision},
pages={346--361},
year={2014},
organization={Springer}
}

@inproceedings{redmon2016you,
title={You only look once: Unified, real-time object detection},
author={Redmon, Joseph and Divvala, Santosh and Girshick, Ross and Farhadi, Ali},
booktitle={Proceedings of the IEEE conference on computer vision and pattern recognition},
pages={779--788},
year={2016}
}

@inproceedings{he2017mask,
title={Mask r-cnn},
author={He, Kaiming and Gkioxari, Georgia and Doll{\'a}r, Piotr and Girshick, Ross},
booktitle={Computer Vision (ICCV), 2017 IEEE International Conference on},
pages={2980--2988},
year={2017},
organization={IEEE}
}

@inproceedings{szegedy2015going,
title={Going deeper with convolutions},
author={Szegedy, Christian and Liu, Wei and Jia, Yangqing and Sermanet, Pierre and Reed, Scott and Anguelov, Dragomir and Erhan, Dumitru and Vanhoucke, Vincent and Rabinovich, Andrew},
booktitle={Proceedings of the IEEE conference on computer vision and pattern recognition},
pages={1--9},
year={2015}
}

@article{moyer2016google,
title={How Google’s AlphaGo beat a Go world champion},
author={Moyer, Christopher},
journal={The Atlantic},
volume={28},
year={2016}
}

@inproceedings{vanhoucke2011improving,
title={Improving the speed of neural networks on CPUs},
author={Vanhoucke, Vincent and Senior, Andrew and Mao, Mark Z},
booktitle={Proc. Deep Learning and Unsupervised Feature Learning NIPS Workshop},
volume={1},
pages={4},
year={2011},
organization={Citeseer}
}

@inproceedings{farabet2009cnp,
title={Cnp: An fpga-based processor for convolutional networks},
author={Farabet, Cl{\'e}ment and Poulet, Cyril and Han, Jefferson Y and LeCun, Yann},
booktitle={Field Programmable Logic and Applications, 2009. FPL 2009. International Conference on},
pages={32--37},
year={2009},
organization={IEEE}
}

@inproceedings{gokhale2014240,
title={A 240 g-ops/s mobile coprocessor for deep neural networks},
author={Gokhale, Vinayak and Jin, Jonghoon and Dundar, Aysegul and Martini, Berin and Culurciello, Eugenio},
booktitle={Proceedings of the IEEE Conference on Computer Vision and Pattern Recognition Workshops},
pages={682--687},
year={2014}
}


@inproceedings{park2011accelerating,
title={Accelerating neuromorphic vision on FPGAs},
author={Park, Sungho and Kestur, Srinidhi and Irick, Kevin M and Narayanan, Vijaykrishnan},
booktitle={Computer Vision and Pattern Recognition Workshops (CVPRW), 2011 IEEE Computer Society Conference on},
pages={103--108},
year={2011},
organization={IEEE}
}

@inproceedings{farabet2010hardware,
title={Hardware accelerated convolutional neural networks for synthetic vision systems},
author={Farabet, Cl{\'e}ment and Martini, Berin and Akselrod, Polina and Talay, Sel{\c{c}}uk and LeCun, Yann and Culurciello, Eugenio},
booktitle={Circuits and Systems (ISCAS), Proceedings of 2010 IEEE International Symposium on},
pages={257--260},
year={2010},
organization={IEEE}
}

@inproceedings{scherer2010accelerating,
title={Accelerating large-scale convolutional neural networks with parallel graphics multiprocessors},
author={Scherer, Dominik and Schulz, Hannes and Behnke, Sven},
booktitle={International conference on Artificial neural networks},
pages={82--91},
year={2010},
organization={Springer}
}

@inproceedings{ciresan2011flexible,
title={Flexible, high performance convolutional neural networks for image classification},
author={Ciresan, Dan C and Meier, Ueli and Masci, Jonathan and Maria Gambardella, Luca and Schmidhuber, J{\"u}rgen},
booktitle={IJCAI Proceedings-International Joint Conference on Artificial Intelligence},
volume={22},
number={1},
pages={1237},
year={2011},
organization={Barcelona, Spain}
}

@inproceedings{dean2012large,
title={Large scale distributed deep networks},
author={Dean, Jeffrey and Corrado, Greg and Monga, Rajat and Chen, Kai and Devin, Matthieu and Mao, Mark and Senior, Andrew and Tucker, Paul and Yang, Ke and Le, Quoc V and others},
booktitle={Advances in neural information processing systems},
pages={1223--1231},
year={2012}
}

@inproceedings{deng2009imagenet,
title={Imagenet: A large-scale hierarchical image database},
author={Deng, Jia and Dong, Wei and Socher, Richard and Li, Li-Jia and Li, Kai and Fei-Fei, Li},
booktitle={Computer Vision and Pattern Recognition, 2009. CVPR 2009. IEEE Conference on},
pages={248--255},
year={2009},
organization={Ieee}
}

@article{cirecsan2012multi,
title={Multi-column deep neural networks for image classification},
author={Cire{\c{s}}an, Dan and Meier, Ueli and Schmidhuber, J{\"u}rgen},
journal={arXiv preprint arXiv:1202.2745},
year={2012}
}

@article{oh2004gpu,
title={GPU implementation of neural networks},
author={Oh, Kyoung-Su and Jung, Keechul},
journal={Pattern Recognition},
volume={37},
number={6},
pages={1311--1314},
year={2004},
publisher={Elsevier}
}


@inproceedings{teodoro2009coordinating,
title={Coordinating the use of GPU and CPU for improving performance of compute intensive applications},
author={Teodoro, George and Sachetto, Rafael and Sertel, Olcay and Gurcan, Metin N and Meira, Wagner and Catalyurek, Umit and Ferreira, Renato},
booktitle={Cluster Computing and Workshops, 2009. CLUSTER'09. IEEE International Conference on},
pages={1--10},
year={2009},
organization={IEEE}
}

@inproceedings{zhang2015optimizing,
title={Optimizing fpga-based accelerator design for deep convolutional neural networks},
author={Zhang, Chen and Li, Peng and Sun, Guangyu and Guan, Yijin and Xiao, Bingjun and Cong, Jason},
booktitle={Proceedings of the 2015 ACM/SIGDA International Symposium on Field-Programmable Gate Arrays},
pages={161--170},
year={2015},
organization={ACM}
}

@inproceedings{suda2016throughput,
title={Throughput-optimized opencl-based fpga accelerator for large-scale convolutional neural networks},
author={Suda, Naveen and Chandra, Vikas and Dasika, Ganesh and Mohanty, Abinash and Ma, Yufei and Vrudhula, Sarma and Seo, Jae-sun and Cao, Yu},
booktitle={Proceedings of the 2016 ACM/SIGDA International Symposium on Field-Programmable Gate Arrays},
pages={16--25},
year={2016},
organization={ACM}
}

@inproceedings{qiu2016going,
title={Going deeper with embedded fpga platform for convolutional neural network},
author={Qiu, Jiantao and Wang, Jie and Yao, Song and Guo, Kaiyuan and Li, Boxun and Zhou, Erjin and Yu, Jincheng and Tang, Tianqi and Xu, Ningyi and Song, Sen and others},
booktitle={Proceedings of the 2016 ACM/SIGDA International Symposium on Field-Programmable Gate Arrays},
pages={26--35},
year={2016},
organization={ACM}
}

@article{rice2009scaling,
title={Scaling analysis of a neocortex inspired cognitive model on the Cray XD1},
author={Rice, Kenneth L and Taha, Tarek M and Vutsinas, Christopher N},
journal={The Journal of Supercomputing},
volume={47},
number={1},
pages={21--43},
year={2009},
publisher={Springer}
}

@inproceedings{kim2009highly,
title={A highly scalable restricted boltzmann machine fpga implementation},
author={Kim, Sang Kyun and McAfee, Lawrence C and McMahon, Peter L and Olukotun, Kunle},
booktitle={Field Programmable Logic and Applications, 2009. FPL 2009. International Conference on},
pages={367--372},
year={2009},
organization={IEEE}
}

@article{lee1987parallel,
title={Parallel 2-D convolution on a mesh connected array processor},
author={Lee, S-Y and Aggarwal, Jake K},
journal={IEEE Transactions on Pattern Analysis \& Machine Intelligence},
number={4},
pages={590--594},
year={1987},
publisher={IEEE}
}

@inproceedings{stearns1988reconfigurable,
title={A reconfigurable 64-tap transversal filter},
author={Stearns, Chip C and Luthi, Daniel A and Ruetz, A and Ang, Peng H},
booktitle={Custom Integrated Circuits Conference, 1988., Proceedings of the IEEE 1988},
pages={8--8},
year={1988},
organization={IEEE}
}

@article{kamp1990programmable,
title={Programmable 2D linear filter for video applications},
author={Kamp, WINFRIED and Kunemund, RONALD and Soldner, HEINZ and Hofer, REINHOLD},
journal={IEEE Journal of Solid-State Circuits},
volume={25},
number={3},
pages={735--740},
year={1990},
publisher={IEEE}
}

@inproceedings{hecht1991advanced,
title={An advanced programmable 2D-convolution chip for, real time image processing},
author={Hecht, V and Ronner, K},
booktitle={Circuits and Systems, 1991., IEEE International Sympoisum on},
pages={1897--1900},
year={1991},
organization={IEEE}
}

@inproceedings{lee2006super,
title={Super-systolic array for 2D convolution},
author={Lee, Jae-Jin and Song, Gi-Yong},
booktitle={TENCON 2006. 2006 IEEE Region 10 Conference},
pages={1--4},
year={2006},
organization={IEEE}
}

@article{chen2016diannao,
title={DianNao family: energy-efficient hardware accelerators for machine learning},
author={Chen, Yunji and Chen, Tianshi and Xu, Zhiwei and Sun, Ninghui and Temam, Olivier},
journal={Communications of the ACM},
volume={59},
number={11},
pages={105--112},
year={2016},
publisher={ACM}
}

@inproceedings{guo2016dynamic,
title={Dynamic network surgery for efficient dnns},
author={Guo, Yiwen and Yao, Anbang and Chen, Yurong},
booktitle={Advances In Neural Information Processing Systems},
pages={1379--1387},
year={2016}
}

@article{Temam2012A,
title={A defect-tolerant accelerator for emerging high-performance applications},
author={Temam, Olivier},
journal={Acm Sigarch Computer Architecture News},
volume={40},
number={3},
pages={356-367},
year={2012},
}



@book{Muller2005Elementary,
title={Elementary Functions: Algorithms and Implementation},
author={Muller, Jean Michel},
publisher={Birkhauser},
pages={21–52},
year={2005},
}



@inproceedings{Walther1971A,
title={A unified algorithm for elementary functions},
author={Walther, S.},
booktitle={May 18-20, 1971, Spring Joint Computer Conference},
pages={379-385},
year={1971},
}



@article{Volder1959The,
title={The CORDIC Trigonometric Computing Technique},
author={Volder, Jack E},
journal={Electronic Computers Ire Transactions on},
volume={EC-8},
number={3},
pages={330-334},
year={1959},
}

@article{putnam2014reconfigurable,
title={A reconfigurable fabric for accelerating large-scale datacenter services},
author={Putnam, Andrew and Caulfield, Adrian M and Chung, Eric S and Chiou, Derek and Constantinides, Kypros and Demme, John and Esmaeilzadeh, Hadi and Fowers, Jeremy and Gopal, Gopi Prashanth and Gray, Jan and others},
journal={ACM SIGARCH Computer Architecture News},
volume={42},
number={3},
pages={13--24},
year={2014},
publisher={ACM}
}

@inproceedings{xiong2017microsoft,
title={The Microsoft 2016 conversational speech recognition system},
author={Xiong, Wayne and Droppo, Jasha and Huang, Xuedong and Seide, Frank and Seltzer, Mike and Stolcke, Andreas and Yu, Dong and Zweig, Geoffrey},
booktitle={Acoustics, Speech and Signal Processing (ICASSP), 2017 IEEE International Conference on},
pages={5255--5259},
year={2017},
organization={IEEE}
}


@inproceedings{abdel2012applying,
title={Applying convolutional neural networks concepts to hybrid NN-HMM model for speech recognition},
author={Abdel-Hamid, Ossama and Mohamed, Abdel-rahman and Jiang, Hui and Penn, Gerald},
booktitle={Acoustics, Speech and Signal Processing (ICASSP), 2012 IEEE International Conference on},
pages={4277--4280},
year={2012},
organization={IEEE}
}

@article{hochreiter1997long,
  title={Long short-term memory},
  author={Hochreiter, Sepp and Schmidhuber, J{\"u}rgen},
  journal={Neural computation},
  volume={9},
  number={8},
  pages={1735--1780},
  year={1997},
  publisher={MIT Press}
}


@article{graves2005framewise,
title={Framewise phoneme classification with bidirectional LSTM and other neural network architectures},
author={Graves, Alex and Schmidhuber, J{\"u}rgen},
journal={Neural Networks},
volume={18},
number={5-6},
pages={602--610},
year={2005},
publisher={Elsevier}
}

@inproceedings{graves2013speech,
title={Speech recognition with deep recurrent neural networks},
author={Graves, Alex and Mohamed, Abdel-rahman and Hinton, Geoffrey},
booktitle={Acoustics, speech and signal processing (icassp), 2013 ieee international conference on},
pages={6645--6649},
year={2013},
organization={IEEE}
}

@inproceedings{graves2013hybrid,
title={Hybrid speech recognition with deep bidirectional LSTM},
author={Graves, Alex and Jaitly, Navdeep and Mohamed, Abdel-rahman},
booktitle={Automatic Speech Recognition and Understanding (ASRU), 2013 IEEE Workshop on},
pages={273--278},
year={2013},
organization={IEEE}
}

@article{abdel2014convolutional,
title={Convolutional neural networks for speech recognition},
author={Abdel-Hamid, Ossama and Mohamed, Abdel-rahman and Jiang, Hui and Deng, Li and Penn, Gerald and Yu, Dong},
journal={IEEE/ACM Transactions on audio, speech, and language processing},
volume={22},
number={10},
pages={1533--1545},
year={2014},
publisher={IEEE}
}

@article{zhang2017towards,
title={Towards end-to-end speech recognition with deep convolutional neural networks},
author={Zhang, Ying and Pezeshki, Mohammad and Brakel, Phil{\'e}mon and Zhang, Saizheng and Bengio, Cesar Laurent Yoshua and Courville, Aaron},
journal={arXiv preprint arXiv:1701.02720},
year={2017}
}

@article{kim2014convolutional,
title={Convolutional neural networks for sentence classification},
author={Kim, Yoon},
journal={arXiv preprint arXiv:1408.5882},
year={2014}
}

@article{denil2014modelling,
title={Modelling, visualising and summarising documents with a single convolutional neural network},
author={Denil, Misha and Demiraj, Alban and Kalchbrenner, Nal and Blunsom, Phil and de Freitas, Nando},
journal={arXiv preprint arXiv:1406.3830},
year={2014}
}

@inproceedings{yih2014semantic,
title={Semantic parsing for single-relation question answering},
author={Yih, Wen-tau and He, Xiaodong and Meek, Christopher},
booktitle={Proceedings of the 52nd Annual Meeting of the Association for Computational Linguistics (Volume 2: Short Papers)},
volume={2},
pages={643--648},
year={2014}
}

@article{lample2016neural,
title={Neural architectures for named entity recognition},
author={Lample, Guillaume and Ballesteros, Miguel and Subramanian, Sandeep and Kawakami, Kazuya and Dyer, Chris},
journal={arXiv preprint arXiv:1603.01360},
year={2016}
}

@article{graves2013generating,
title={Generating sequences with recurrent neural networks},
author={Graves, Alex},
journal={arXiv preprint arXiv:1308.0850},
year={2013}
}

@article{sundermeyer2015feedforward,
title={From feedforward to recurrent LSTM neural networks for language modeling},
author={Sundermeyer, Martin and Ney, Hermann and Schl{\"u}ter, Ralf},
journal={IEEE Transactions on Audio, Speech, and Language Processing},
volume={23},
number={3},
pages={517--529},
year={2015},
publisher={IEEE Press}
}

@inproceedings{wang2015predicting,
title={Predicting polarities of tweets by composing word embeddings with long short-term memory},
author={Wang, Xin and Liu, Yuanchao and Chengjie, SUN and Wang, Baoxun and Wang, Xiaolong},
booktitle={Proceedings of the 53rd Annual Meeting of the Association for Computational Linguistics and the 7th International Joint Conference on Natural Language Processing (Volume 1: Long Papers)},
volume={1},
pages={1343--1353},
year={2015}
}

@article{lowe2015ubuntu,
title={The ubuntu dialogue corpus: A large dataset for research in unstructured multi-turn dialogue systems},
author={Lowe, Ryan and Pow, Nissan and Serban, Iulian and Pineau, Joelle},
journal={arXiv preprint arXiv:1506.08909},
year={2015}
}

@article{vinyals2015neural,
title={A neural conversational model},
author={Vinyals, Oriol and Le, Quoc},
journal={arXiv preprint arXiv:1506.05869},
year={2015}
}

@article{li2016persona,
title={A persona-based neural conversation model},
author={Li, Jiwei and Galley, Michel and Brockett, Chris and Spithourakis, Georgios P and Gao, Jianfeng and Dolan, Bill},
journal={arXiv preprint arXiv:1603.06155},
year={2016}
}

@inproceedings{socher2011parsing,
title={Parsing natural scenes and natural language with recursive neural networks},
author={Socher, Richard and Lin, Cliff C and Manning, Chris and Ng, Andrew Y},
booktitle={Proceedings of the 28th international conference on machine learning (ICML-11)},
pages={129--136},
year={2011}
}

@inproceedings{socher2013recursive,
title={Recursive deep models for semantic compositionality over a sentiment treebank},
author={Socher, Richard and Perelygin, Alex and Wu, Jean and Chuang, Jason and Manning, Christopher D and Ng, Andrew and Potts, Christopher},
booktitle={Proceedings of the 2013 conference on empirical methods in natural language processing},
pages={1631--1642},
year={2013}
}

@article{ranzato2015sequence,
title={Sequence level training with recurrent neural networks},
author={Ranzato, Marc'Aurelio and Chopra, Sumit and Auli, Michael and Zaremba, Wojciech},
journal={arXiv preprint arXiv:1511.06732},
year={2015}
}

@article{li2016deep,
title={Deep reinforcement learning for dialogue generation},
author={Li, Jiwei and Monroe, Will and Ritter, Alan and Galley, Michel and Gao, Jianfeng and Jurafsky, Dan},
journal={arXiv preprint arXiv:1606.01541},
year={2016}
}

@inproceedings{kiros2015skip,
title={Skip-thought vectors},
author={Kiros, Ryan and Zhu, Yukun and Salakhutdinov, Ruslan R and Zemel, Richard and Urtasun, Raquel and Torralba, Antonio and Fidler, Sanja},
booktitle={Advances in neural information processing systems},
pages={3294--3302},
year={2015}
}

@inproceedings{dai2015semi,
title={Semi-supervised sequence learning},
author={Dai, Andrew M and Le, Quoc V},
booktitle={Advances in neural information processing systems},
pages={3079--3087},
year={2015}
}

@inproceedings{kumar2016ask,
title={Ask me anything: Dynamic memory networks for natural language processing},
author={Kumar, Ankit and Irsoy, Ozan and Ondruska, Peter and Iyyer, Mohit and Bradbury, James and Gulrajani, Ishaan and Zhong, Victor and Paulus, Romain and Socher, Richard},
booktitle={International Conference on Machine Learning},
pages={1378--1387},
year={2016}
}

@inproceedings{sukhbaatar2015end,
title={End-to-end memory networks},
author={Sukhbaatar, Sainbayar and Weston, Jason and Fergus, Rob and others},
booktitle={Advances in neural information processing systems},
pages={2440--2448},
year={2015}
}





